@book{scrum,
  title     = {Scrum},
  author    = {Mariusz Chrapko},
  isbn      = {978-83-246-2519-2},
  series    = {O zwinnym zarządzaniu projektami},
  publisher = {Helion},
  year      = {2015}
}

@online{manifesto,
  title = {Manifesto for Agile Software Development},
  url   = {https://agilemanifesto.org/iso/pl/manifesto.html},
  note = {dostęp z 27.12.2021r}
}

@online{kanban,
  title = {Kanban},
  url   = {https://en.wikipedia.org/wiki/Kanban},
  note = {dostęp z 27.12.2021r}
}

@online{kanban2,
  title = {What is Kanban},
  url   = {https://docs.microsoft.com/en-us/devops/plan/what-is-kanban},
  note = {dostęp z 27.12.2021r}
}